@Book{hottbook,
  author =    {The {Univalent Foundations Program}},
  title =     {Homotopy Type Theory: Univalent Foundations of Mathematics},
  publisher = {\url{http://homotopytypetheory.org/book}},
  address =   {Institute for Advanced Study},
  year =      2013
}
@article{nat,
  title={Nonabelian Algebraic Topology: filtered spaces, crossed complexes, cubical homotopy groupoids},
  author={Brown, Ronald and Higgins, Philip J and Sivera, Rafael},
  journal={AMC},
  volume={10},
  pages={12},
  year={2011}
}

